%Lee and Messerschmidt PASS, PAPS, Repetition
@article{lee87,
  title={{Static scheduling of synchronous data flow programs for digital signal processing}},
  author={Edward Ashford Lee and David G. Messerschmitt},
  journal={Computers, IEEE Transactions on},
  volume={100},
  number={1},
  pages={24--35},
  issn={0018-9340},
  year={1987},
  publisher={IEEE}
}

