@inproceedings{coalition,
  title={Coalitional game theory for security risk management},
  author={Saad, W. and Alpcan, T. and Basar, T. and Hj{\o}rungnes, A.},
  booktitle={The Fifth International Conference on Internet Monitoring and Protection},
  pages={35--40},
  year={2010},
  organization={IEEE}
}

@article{network,
  title={Game strategies in network security},
  author={Lye, K. and Wing, J.M.},
  journal={International Journal of Information Security},
  volume={4},
  number={1},
  pages={71--86},
  year={2005},
  publisher={Springer}
}

@article{random,
 author = {Paruchuri, Praveen and Pearce, Jonathan P. and Marecki, Janusz and Tambe, Milind and Ord\'{o}\~{n}ez, Fernando and Kraus, Sarit},
 title = {Coordinating randomized policies for increasing security of agent systems},
 journal = {Inf. Technol. and Management},
 volume = {10},
 issue = {1},
 month = {March},
 year = {2009},
 issn = {1385-951X},
 pages = {67--79},
 numpages = {13},
 url = {http://dl.acm.org/citation.cfm?id=1519326.1519333},
 doi = {10.1007/s10799-008-0047-9},
 acmid = {1519333},
 publisher = {Kluwer Academic Publishers},
 address = {Hingham, MA, USA},
 keywords = {Decision theory, Game theory, Multiagent systems, Randomized policies, Security},
} 

@inproceedings{stackelberg,
  title={Playing games for security: an efficient exact algorithm for solving Bayesian Stackelberg games},
  author={Paruchuri, P. and Pearce, J.P. and Marecki, J. and Tambe, M. and Ordonez, F. and Kraus, S.},
  booktitle={Proceedings of the 7th international joint conference on Autonomous agents and multiagent systems-Volume 2},
  pages={895--902},
  year={2008},
  organization={International Foundation for Autonomous Agents and Multiagent Systems}
}

